<?xml version="1.0" encoding="UTF-8"?>
<record xmlns="http://www.loc.gov/MARC21/slim" xmlns:xsi="http://www.w3.org/2001/XMLSchema-instance" xsi:schemaLocation="http://www.loc.gov/MARC21/slim http://www.loc.gov/standards/marcxml/schema/MARC21slim.xsd">
<leader>00000cam a22      a 4500</leader>
<controlfield tag="001">001678260</controlfield>
<controlfield tag="003">NNU</controlfield>
<controlfield tag="005">20151014163135.0</controlfield>
<controlfield tag="008">881028s1967    iq b     b    000 0 ara d</controlfield>
<datafield tag="010" ind1=" " ind2=" ">
<subfield code="a">ne 68000621</subfield>
</datafield>
<datafield tag="035" ind1=" " ind2=" ">
<subfield code="a">(OCoLC)23486717</subfield>
</datafield>
<datafield tag="040" ind1=" " ind2=" ">
<subfield code="a">EYM</subfield>
<subfield code="b">eng</subfield>
<subfield code="c">EYM</subfield>
<subfield code="d">CGU</subfield>
<subfield code="d">OSU</subfield>
<subfield code="d">CUY</subfield>
<subfield code="d">OCLCQ</subfield>
<subfield code="d">OCLCF</subfield>
<subfield code="d">OCLCQ</subfield>
<subfield code="d">NNU</subfield>
</datafield>
<datafield tag="050" ind1=" " ind2="4">
<subfield code="a">DS97</subfield>
<subfield code="b">.A4 1967</subfield>
</datafield>
<datafield tag="100" ind1="1" ind2=" ">
<subfield code="6">880-01</subfield>
<subfield code="a">Ālūsī, Jamāl al-Dīn.</subfield>
</datafield>
<datafield tag="245" ind1="1" ind2="0">
<subfield code="6">880-02</subfield>
<subfield code="a">Usāmah ibn Munqidh baṭal al-ḥurūb al-Ṣalībīyah /</subfield>
<subfield code="c">taʼlīf Jamāl al-Dīn al-Ālūsī.</subfield>
</datafield>
<datafield tag="260" ind1=" " ind2=" ">
<subfield code="6">880-03</subfield>
<subfield code="a">Baghdād :</subfield>
<subfield code="b">Maṭbaʻat Asʻad,</subfield>
<subfield code="c">1967.</subfield>
</datafield>
<datafield tag="300" ind1=" " ind2=" ">
<subfield code="a">380 pages :</subfield>
<subfield code="b">map ;</subfield>
<subfield code="c">25 cm</subfield>
</datafield>
<datafield tag="336" ind1=" " ind2=" ">
<subfield code="a">text</subfield>
<subfield code="b">txt</subfield>
<subfield code="2">rdacontent</subfield>
</datafield>
<datafield tag="337" ind1=" " ind2=" ">
<subfield code="a">unmediated</subfield>
<subfield code="b">n</subfield>
<subfield code="2">rdamedia</subfield>
</datafield>
<datafield tag="338" ind1=" " ind2=" ">
<subfield code="a">volume</subfield>
<subfield code="b">nc</subfield>
<subfield code="2">rdacarrier</subfield>
</datafield>
<datafield tag="504" ind1=" " ind2=" ">
<subfield code="a">Includes bibliographical references (pages 367-369).</subfield>
</datafield>
<datafield tag="600" ind1="0" ind2="0">
<subfield code="6">880-04</subfield>
<subfield code="a">Usāmah ibn Munqidh,</subfield>
<subfield code="d">1095-1188</subfield>
<subfield code="x">Criticism and interpretation.</subfield>
</datafield>
<datafield tag="600" ind1="0" ind2="7">
<subfield code="a">Usāmah ibn Munqidh,</subfield>
<subfield code="d">1095-1188</subfield>
<subfield code="2">fast</subfield>
<subfield code="0">(OCoLC)fst00139162.</subfield>
</datafield>
<datafield tag="655" ind1=" " ind2="7">
<subfield code="a">Criticism, interpretation, etc.</subfield>
<subfield code="2">fast</subfield>
<subfield code="0">(OCoLC)fst01411635.</subfield>
</datafield>
<datafield tag="776" ind1="0" ind2="8">
<subfield code="i">Online version:</subfield>
<subfield code="a">Ālūsī, Jamāl al-Dīn.</subfield>
<subfield code="t">Usāmah ibn Munqidh baṭal al-ḥurūb al-Ṣalībīyah.</subfield>
<subfield code="d">Baghdād : Maṭbaʻat Asʻad, 1967</subfield>
<subfield code="w">(OCoLC)571708046</subfield>
</datafield>
<datafield tag="776" ind1="0" ind2="8">
<subfield code="i">Online version:</subfield>
<subfield code="a">Ālūsī, Jamāl al-Dīn.</subfield>
<subfield code="t">Usāmah ibn Munqidh baṭal al-ḥurūb al-Ṣalībīyah.</subfield>
<subfield code="d">Baghdād : Maṭbaʻat Asʻad, 1967</subfield>
<subfield code="w">(OCoLC)632054546</subfield>
</datafield>
<datafield tag="880" ind1="1" ind2=" ">
<subfield code="6">100-01/</subfield>
<subfield code="a">آلوسي، جمال الدين.</subfield>
</datafield>
<datafield tag="880" ind1="1" ind2="0">
<subfield code="6">245-02/</subfield>
<subfield code="a">أسامة بن منقذ بطل الحروب الصليبية /</subfield>
<subfield code="c">تأليف جمال الدين الآلوسي.</subfield>
</datafield>
<datafield tag="880" ind1=" " ind2=" ">
<subfield code="6">260-03/</subfield>
<subfield code="a">بغداد :</subfield>
<subfield code="b">مطبعة أسعد،</subfield>
<subfield code="c">1967.</subfield>
</datafield>
<datafield tag="880" ind1="0" ind2="4">
<subfield code="6">600-04/</subfield>
<subfield code="a">أسامة بن منقذ،,</subfield>
<subfield code="d">1095-1188.</subfield>
</datafield>
<datafield tag="OWN" ind1=" " ind2=" ">
<subfield code="a">GENERAL</subfield>
</datafield>
<datafield tag="AVA" ind1=" " ind2=" ">
<subfield code="a">NYU50</subfield>
<subfield code="b">BOBST</subfield>
<subfield code="c">Main Collection</subfield>
<subfield code="d">DS97.6.U7 A6</subfield>
<subfield code="e">unavailable</subfield>
<subfield code="t">Unavailable</subfield>
<subfield code="f">1</subfield>
<subfield code="g">1</subfield>
<subfield code="h">N</subfield>
<subfield code="i">0</subfield>
<subfield code="j">MAIN</subfield>
<subfield code="k">0</subfield>
</datafield>
</record>
